<record xmlns='http://www.loc.gov/MARC21/slim'><leader>01754cim a22003852u 4500</leader><controlfield tag='001'>3601784</controlfield><controlfield tag='005'>20151214182937.0</controlfield><controlfield tag='007'>ss|lmnjluz|nuu</controlfield><controlfield tag='008'>991101s1989    nyunnn         l    eng d</controlfield><datafield ind1=' ' ind2=' ' tag='035'><subfield code='a'>(NIC)notisASF8849</subfield></datafield><datafield ind1=' ' ind2=' ' tag='035'><subfield code='a'>3601784</subfield></datafield><datafield ind1=' ' ind2=' ' tag='035'><subfield code='a'>(OCoLC)63898194</subfield></datafield><datafield ind1=' ' ind2=' ' tag='040'><subfield code='a'>NIC</subfield><subfield code='c'>NIC</subfield><subfield code='d'>NIC</subfield><subfield code='d'>NIC</subfield></datafield><datafield ind1='1' ind2=' ' tag='100'><subfield code='a'>Carmichael, Stokely,</subfield><subfield code='d'>1941-1998.</subfield></datafield><datafield ind1='1' ind2='0' tag='245'><subfield code='a'>Fulfilling our destiny: self-empowerment in the face of oppression</subfield><subfield code='h'>[sound recording]</subfield></datafield><datafield ind1=' ' ind2=' ' tag='260'><subfield code='c'>1989.</subfield></datafield><datafield ind1=' ' ind2=' ' tag='300'><subfield code='a'>2 sound cassettes (150 min.) :</subfield><subfield code='b'>analog, mono.</subfield></datafield><datafield ind1=' ' ind2=' ' tag='500'><subfield code='a'>Recorded in Ithaca, NY by Cornell University.</subfield></datafield><datafield ind1=' ' ind2=' ' tag='500'><subfield code='a'>Sponsored by: Ujamaa Residential College.</subfield></datafield><datafield ind1=' ' ind2=' ' tag='500'><subfield code='a'>Speaker(s): Kwame Toure, formerly known as Stokely Carmichael, is the former prime minister of the Black Panthers.</subfield></datafield><datafield ind1=' ' ind2=' ' tag='518'><subfield code='a'>Lecture, March 29, 1989.</subfield></datafield><datafield ind1=' ' ind2=' ' tag='520'><subfield code='a'>Toure discusses the ties of black people to Africa, the ways in which they are discriminated against in America through capitalism and oppression, and the need for blacks to unite in a conscious effort to stop injustice.</subfield></datafield><datafield ind1=' ' ind2='0' tag='650'><subfield code='a'>African Americans</subfield><subfield code='z'>Africa.</subfield></datafield><datafield ind1=' ' ind2='0' tag='650'><subfield code='a'>Associations, institutions, etc.</subfield><subfield code='x'>African American membership.</subfield></datafield><datafield ind1=' ' ind2='0' tag='650'><subfield code='a'>Capitalism</subfield><subfield code='z'>United States.</subfield></datafield><datafield ind1=' ' ind2='0' tag='650'><subfield code='a'>Race discrimination</subfield><subfield code='z'>United States.</subfield></datafield><datafield ind1=' ' ind2='7' tag='650'><subfield code='a'>African Americans</subfield><subfield code='2'>fast</subfield><subfield code='0'>(OCoLC)fst00799558</subfield></datafield><datafield ind1=' ' ind2='7' tag='650'><subfield code='a'>Associations, institutions, etc.</subfield><subfield code='x'>African American membership</subfield><subfield code='2'>fast</subfield><subfield code='0'>(OCoLC)fst00819171</subfield></datafield><datafield ind1=' ' ind2='7' tag='650'><subfield code='a'>Capitalism</subfield><subfield code='2'>fast</subfield><subfield code='0'>(OCoLC)fst00846425</subfield></datafield><datafield ind1=' ' ind2='7' tag='650'><subfield code='a'>Race discrimination</subfield><subfield code='2'>fast</subfield><subfield code='0'>(OCoLC)fst01086465</subfield></datafield><datafield ind1=' ' ind2='7' tag='651'><subfield code='a'>Africa</subfield><subfield code='2'>fast</subfield><subfield code='0'>(OCoLC)fst01239509</subfield></datafield><datafield ind1=' ' ind2='7' tag='651'><subfield code='a'>United States</subfield><subfield code='2'>fast</subfield><subfield code='0'>(OCoLC)fst01204155</subfield></datafield><datafield ind1='1' ind2=' ' tag='899'><subfield code='a'>CULectures</subfield></datafield><datafield ind1=' ' ind2=' ' tag='905'><subfield code='a'>20000114120000.0</subfield></datafield><datafield ind1='2' ind2=' ' tag='948'><subfield code='a'>20141221</subfield><subfield code='b'>m</subfield><subfield code='d'>batch</subfield><subfield code='e'>lts</subfield><subfield code='x'>addfast</subfield></datafield></record>